@ARTICLE{Stewart:1996,
    author = {David Stewart and J. C. Trinkle},
    title = {An Implicit Time-Stepping Scheme for Rigid Body Dynamics with {C}oulomb Friction},
    journal = {International Journal of Numerical Methods in Engineering},
    year = {1996},
    volume = {39},
    pages = {2673--2691}
}
